<record><leader>00000cas a2200000 a 4500</leader><controlfield tag="001">16995276</controlfield><controlfield tag="008">871117c19299999azuwr ne      0    0eng d</controlfield><datafield ind1=" " ind2=" " tag="010"><subfield code="a">sn 87082864 </subfield></datafield><datafield ind1=" " ind2=" " tag="040"><subfield code="a">NPV</subfield><subfield code="b">eng</subfield><subfield code="c">NPV</subfield><subfield code="d">ANN</subfield><subfield code="d">DLC</subfield><subfield code="d">OCLCF</subfield><subfield code="d">OCLCO</subfield></datafield><datafield ind1="1" ind2=" " tag="029"><subfield code="a">AU@</subfield><subfield code="b">000020487068</subfield></datafield><datafield ind1=" " ind2=" " tag="042"><subfield code="a">msc</subfield></datafield><datafield ind1=" " ind2=" " tag="043"><subfield code="a">n-us-az</subfield></datafield><datafield ind1="0" ind2=" " tag="130"><subfield code="a">Arizona silver belt (Miami, Ariz.)</subfield></datafield><datafield ind1="0" ind2="0" tag="245"><subfield code="a">Arizona silver belt.</subfield></datafield><datafield ind1="1" ind2=" " tag="246"><subfield code="i">Other title:</subfield><subfield code="a">Arizona silver belt and continuing the Arizona record</subfield><subfield code="f">Mar. 6-Apr. 3, 1975</subfield></datafield><datafield ind1=" " ind2=" " tag="260"><subfield code="a">Miami, Ariz. :</subfield><subfield code="b">Silver Belt Print. and Pub. Co.,</subfield><subfield code="c">1929-</subfield></datafield><datafield ind1=" " ind2=" " tag="300"><subfield code="a">v.</subfield></datafield><datafield ind1=" " ind2=" " tag="310"><subfield code="a">Weekly,</subfield><subfield code="b">July 24, 1931-</subfield></datafield><datafield ind1=" " ind2=" " tag="321"><subfield code="a">Daily,</subfield><subfield code="b">July 23, 1929-July 18, 1931</subfield></datafield><datafield ind1="0" ind2=" " tag="362"><subfield code="a">Vol. 50, no. 230 (July 23, 1929)-</subfield></datafield><datafield ind1=" " ind2=" " tag="500"><subfield code="a">Published in Globe, Ariz., Mar. 6, 1975-  .</subfield></datafield><datafield ind1=" " ind2=" " tag="515"><subfield code="a">Publication suspended Aug. 2, 1935.  Resumed Apr. 23, 1937.</subfield></datafield><datafield ind1=" " ind2="0" tag="651"><subfield code="a">Miami (Ariz.)</subfield><subfield code="v">Newspapers.</subfield></datafield><datafield ind1=" " ind2="0" tag="651"><subfield code="a">Globe (Ariz.)</subfield><subfield code="v">Newspapers.</subfield></datafield><datafield ind1=" " ind2="0" tag="651"><subfield code="a">Gila County (Ariz.)</subfield><subfield code="v">Newspapers.</subfield></datafield><datafield ind1=" " ind2="7" tag="655"><subfield code="a">Newspapers.</subfield><subfield code="2">fast</subfield><subfield code="0">(OCoLC)fst01423814</subfield></datafield><datafield ind1=" " ind2="7" tag="651"><subfield code="a">Arizona</subfield><subfield code="z">Gila County.</subfield><subfield code="2">fast</subfield><subfield code="0">(OCoLC)fst01218085</subfield></datafield><datafield ind1=" " ind2="7" tag="651"><subfield code="a">Arizona</subfield><subfield code="z">Globe.</subfield><subfield code="2">fast</subfield><subfield code="0">(OCoLC)fst01216942</subfield></datafield><datafield ind1=" " ind2="7" tag="651"><subfield code="a">Arizona</subfield><subfield code="z">Miami.</subfield><subfield code="2">fast</subfield><subfield code="0">(OCoLC)fst01216943</subfield></datafield><datafield ind1=" " ind2=" " tag="752"><subfield code="a">United States</subfield><subfield code="b">Arizona</subfield><subfield code="c">Gila</subfield><subfield code="d">Miami.</subfield></datafield><datafield ind1=" " ind2=" " tag="752"><subfield code="a">United States</subfield><subfield code="b">Arizona</subfield><subfield code="c">Gila</subfield><subfield code="d">Globe.</subfield></datafield><datafield ind1="0" ind2="0" tag="780"><subfield code="t">Daily Arizona silver belt</subfield><subfield code="x">2158-4680</subfield><subfield code="w">(DLC)sn 87082863</subfield><subfield code="w">(OCoLC)16995217</subfield></datafield><datafield ind1="0" ind2="5" tag="780"><subfield code="t">Arizona record</subfield><subfield code="w">(DLC)sn 95060540</subfield></datafield></record>